% My papers

@article{Maltoni:2019aot,
    author = "Maltoni, Fabio and Mantani, Luca and Mimasu, Ken",
    title = "{Top-quark electroweak interactions at high energy}",
    eprint = "1904.05637",
    archivePrefix = "arXiv",
    primaryClass = "hep-ph",
    reportNumber = "CP3-19-16",
    doi = "10.1007/JHEP10(2019)004",
    journal = "JHEP",
    volume = "10",
    pages = "004",
    year = "2019"
}

@article{Costantini:2020stv,
    author = "Costantini, Antonio and De Lillo, Federico and Maltoni, Fabio and Mantani, Luca and Mattelaer, Olivier and Ruiz, Richard and Zhao, Xiaoran",
    title = "{Vector boson fusion at multi-TeV muon colliders}",
    eprint = "2005.10289",
    archivePrefix = "arXiv",
    primaryClass = "hep-ph",
    reportNumber = "CP3-20-20, MCNET-20-12, VBSCAN-PUB-03-20",
    doi = "10.1007/JHEP09(2020)080",
    journal = "JHEP",
    volume = "09",
    pages = "080",
    year = "2020"
}

@article{Chiesa:2020awd,
    author = "Chiesa, Mauro and Maltoni, Fabio and Mantani, Luca and Mele, Barbara and Piccinini, Fulvio and Zhao, Xiaoran",
    title = "{Measuring the quartic Higgs self-coupling at a multi-TeV muon collider}",
    eprint = "2003.13628",
    archivePrefix = "arXiv",
    primaryClass = "hep-ph",
    reportNumber = "CP3-20-15, LAPTH-013/20, MCnet-20-12",
    doi = "10.1007/JHEP09(2020)098",
    journal = "JHEP",
    volume = "09",
    pages = "098",
    year = "2020"
}

% Chapter: SM

@article{Aad_2012,
   title={Observation of a new particle in the search for the Standard Model Higgs boson with the ATLAS detector at the LHC},
   volume={716},
   ISSN={0370-2693},
   url={http://dx.doi.org/10.1016/j.physletb.2012.08.020},
   DOI={10.1016/j.physletb.2012.08.020},
   number={1},
   journal={Physics Letters B},
   publisher={Elsevier BV},
   author={Aad, G. and Abajyan, T. and Abbott, B. and Abdallah, J. and Abdel Khalek, S. and Abdelalim, A.A. and Abdinov, O. and Aben, R. and Abi, B. and Abolins, M. and et al.},
   year={2012},
   month={Sep},
   pages={1–29}
}

@article{Chatrchyan_2012,
   title={Observation of a new boson at a mass of 125 GeV with the CMS experiment at the LHC},
   volume={716},
   ISSN={0370-2693},
   url={http://dx.doi.org/10.1016/j.physletb.2012.08.021},
   DOI={10.1016/j.physletb.2012.08.021},
   number={1},
   journal={Physics Letters B},
   publisher={Elsevier BV},
   author={Chatrchyan, S. and Khachatryan, V. and Sirunyan, A.M. and Tumasyan, A. and Adam, W. and Aguilo, E. and Bergauer, T. and Dragicevic, M. and Erö, J. and Fabjan, C. and et al.},
   year={2012},
   month={Sep},
   pages={30–61}
}

@article{Glashow:1961tr,
    author = "Glashow, S. L.",
    title = "{Partial Symmetries of Weak Interactions}",
    doi = "10.1016/0029-5582(61)90469-2",
    journal = "Nucl. Phys.",
    volume = "22",
    pages = "579--588",
    year = "1961"
}

@article{Weinberg:1967tq,
    author = "Weinberg, Steven",
    title = "{A Model of Leptons}",
    doi = "10.1103/PhysRevLett.19.1264",
    journal = "Phys. Rev. Lett.",
    volume = "19",
    pages = "1264--1266",
    year = "1967"
}

@article{Salam:1968rm,
    author = "Salam, Abdus",
    title = "{Weak and Electromagnetic Interactions}",
    doi = "10.1142/9789812795915_0034",
    journal = "Conf. Proc. C",
    volume = "680519",
    pages = "367--377",
    year = "1968"
}

@article{PhysRev.109.193,
  title = {Theory of the Fermi Interaction},
  author = {Feynman, R. P. and Gell-Mann, M.},
  journal = {Phys. Rev.},
  volume = {109},
  issue = {1},
  pages = {193--198},
  numpages = {0},
  year = {1958},
  month = {Jan},
  publisher = {American Physical Society},
  doi = {10.1103/PhysRev.109.193},
  url = {https://link.aps.org/doi/10.1103/PhysRev.109.193}
}

@article{PhysRevLett.13.321,
  title = {Broken Symmetry and the Mass of Gauge Vector Mesons},
  author = {Englert, F. and Brout, R.},
  journal = {Phys. Rev. Lett.},
  volume = {13},
  issue = {9},
  pages = {321--323},
  numpages = {0},
  year = {1964},
  month = {Aug},
  publisher = {American Physical Society},
  doi = {10.1103/PhysRevLett.13.321},
  url = {https://link.aps.org/doi/10.1103/PhysRevLett.13.321}
}

@article{PhysRevLett.13.508,
  title = {Broken Symmetries and the Masses of Gauge Bosons},
  author = {Higgs, Peter W.},
  journal = {Phys. Rev. Lett.},
  volume = {13},
  issue = {16},
  pages = {508--509},
  numpages = {0},
  year = {1964},
  month = {Oct},
  publisher = {American Physical Society},
  doi = {10.1103/PhysRevLett.13.508},
  url = {https://link.aps.org/doi/10.1103/PhysRevLett.13.508}
}

@article{Cabibbo:1963yz,
    author = "Cabibbo, Nicola",
    title = "{Unitary Symmetry and Leptonic Decays}",
    doi = "10.1103/PhysRevLett.10.531",
    journal = "Phys. Rev. Lett.",
    volume = "10",
    pages = "531--533",
    year = "1963"
}


@article{osti_4474667,
title = {CP-violation in the renormalizable theory of weak interaction},
author = {Kobayashi, M and Maskawa, T},
abstractNote = {},
doi = {10.1143/PTP.49.652},
url = {https://www.osti.gov/biblio/4474667}, journal = {Progr. Theor. Phys. (Kyoto), v. 49, no. 2, pp. 652-657},
number = ,
volume = ,
place = {Country unknown/Code not available},
year = {1973},
month = {2}
}

@article{Appelquist:1987cf,
    author = "Appelquist, T. and Chanowitz, Michael S.",
    title = "{Unitarity Bound on the Scale of Fermion Mass Generation}",
    reportNumber = "LBL-23951",
    doi = "10.1103/PhysRevLett.59.2405",
    journal = "Phys. Rev. Lett.",
    volume = "59",
    pages = "2405",
    year = "1987",
    note = "[Erratum: Phys.Rev.Lett. 60, 1589 (1988)]"
}

@article{Maltoni:2001dc,
    author = "Maltoni, F. and Niczyporuk, J. M. and Willenbrock, S.",
    title = "{The Scale of fermion mass generation}",
    eprint = "hep-ph/0106281",
    archivePrefix = "arXiv",
    doi = "10.1103/PhysRevD.65.033004",
    journal = "Phys. Rev. D",
    volume = "65",
    pages = "033004",
    year = "2002"
}

@article{PhysRevD.16.1519,
  title = {Weak interactions at very high energies: The role of the Higgs-boson mass},
  author = {Lee, Benjamin W. and Quigg, C. and Thacker, H. B.},
  journal = {Phys. Rev. D},
  volume = {16},
  issue = {5},
  pages = {1519--1531},
  numpages = {0},
  year = {1977},
  month = {Sep},
  publisher = {American Physical Society},
  doi = {10.1103/PhysRevD.16.1519},
  url = {https://link.aps.org/doi/10.1103/PhysRevD.16.1519}
}

@book{Popper:34,
  added-at = {2008-03-11T14:52:34.000+0100},
  address = {London},
  author = {Popper, K. R.},
  biburl = {https://www.bibsonomy.org/bibtex/28fc60d55651f1750c37c770e5286c132/idsia},
  citeulike-article-id = {2380621},
  interhash = {5c732a74fb59e943849b250588538875},
  intrahash = {8fc60d55651f1750c37c770e5286c132},
  keywords = {juergen},
  priority = {2},
  publisher = {Hutchinson},
  timestamp = {2008-03-11T14:55:44.000+0100},
  title = {The Logic of Scientific Discovery},
  year = 1934
}

@article{Bahcall:1964gx,
    author = "Bahcall, John N.",
    title = "{Solar neutrinos. I: Theoretical}",
    doi = "10.1103/PhysRevLett.12.300",
    journal = "Phys. Rev. Lett.",
    volume = "12",
    pages = "300--302",
    year = "1964"
}

@article{PhysRevLett.12.303,
  title = {Solar Neutrinos. II. Experimental},
  author = {Davis, Raymond},
  journal = {Phys. Rev. Lett.},
  volume = {12},
  issue = {11},
  pages = {303--305},
  numpages = {0},
  year = {1964},
  month = {Mar},
  publisher = {American Physical Society},
  doi = {10.1103/PhysRevLett.12.303},
  url = {https://link.aps.org/doi/10.1103/PhysRevLett.12.303}
}

@article{Ahmad:2001an,
    author = "Ahmad, Q. R. and others",
    collaboration = "SNO",
    title = "{Measurement of the rate of $\nu_e+d \to p+p+e^-$ interactions produced by $^8$B solar neutrinos at the Sudbury Neutrino Observatory}",
    eprint = "nucl-ex/0106015",
    archivePrefix = "arXiv",
    reportNumber = "UPR-0240E",
    doi = "10.1103/PhysRevLett.87.071301",
    journal = "Phys. Rev. Lett.",
    volume = "87",
    pages = "071301",
    year = "2001"
}

@article{Ahmad:2002jz,
    author = "Ahmad, Q. R. and others",
    collaboration = "SNO",
    title = "{Direct evidence for neutrino flavor transformation from neutral current interactions in the Sudbury Neutrino Observatory}",
    eprint = "nucl-ex/0204008",
    archivePrefix = "arXiv",
    doi = "10.1103/PhysRevLett.89.011301",
    journal = "Phys. Rev. Lett.",
    volume = "89",
    pages = "011301",
    year = "2002"
}

@article{Fukuda:1998mi,
    author = "Fukuda, Y. and others",
    collaboration = "Super-Kamiokande",
    title = "{Evidence for oscillation of atmospheric neutrinos}",
    eprint = "hep-ex/9807003",
    archivePrefix = "arXiv",
    reportNumber = "BU-98-17, ICRR-REPORT-422-98-18, UCI-98-8, KEK-PREPRINT-98-95, LSU-HEPA-5-98, UMD-98-003, SBHEP-98-5, TKU-PAP-98-06, TIT-HPE-98-09",
    doi = "10.1103/PhysRevLett.81.1562",
    journal = "Phys. Rev. Lett.",
    volume = "81",
    pages = "1562--1567",
    year = "1998"
}

@article{Zwicky:1933gu,
    author = "Zwicky, F.",
    title = "{Die Rotverschiebung von extragalaktischen Nebeln}",
    doi = "10.1007/s10714-008-0707-4",
    journal = "Helv. Phys. Acta",
    volume = "6",
    pages = "110--127",
    year = "1933"
}

@ARTICLE{1970ApJ...159..379R,
       author = {{Rubin}, Vera C. and {Ford}, W. Kent, Jr.},
        title = "{Rotation of the Andromeda Nebula from a Spectroscopic Survey of Emission Regions}",
      journal = {apj},
         year = 1970,
        month = feb,
       volume = {159},
        pages = {379},
          doi = {10.1086/150317},
       adsurl = {https://ui.adsabs.harvard.edu/abs/1970ApJ...159..379R},
      adsnote = {Provided by the SAO/NASA Astrophysics Data System}
}

@article{2016,
   title={Planck2015 results},
   volume={594},
   ISSN={1432-0746},
   url={http://dx.doi.org/10.1051/0004-6361/201525830},
   DOI={10.1051/0004-6361/201525830},
   journal={Astronomy and Astrophysics},
   publisher={EDP Sciences},
   author={Ade, P. A. R. and Aghanim, N. and Arnaud, M. and Ashdown, M. and Aumont, J. and Baccigalupi, C. and Banday, A. J. and Barreiro, R. B. and Bartlett, J. G. and et al.},
   year={2016},
   month={Sep},
   pages={A13}
}

@article{Clowe:2003tk,
    author = "Clowe, Douglas and Gonzalez, Anthony and Markevitch, Maxim",
    title = "{Weak lensing mass reconstruction of the interacting cluster 1E0657-558: Direct evidence for the existence of dark matter}",
    eprint = "astro-ph/0312273",
    archivePrefix = "arXiv",
    doi = "10.1086/381970",
    journal = "Astrophys. J.",
    volume = "604",
    pages = "596--603",
    year = "2004"
}

@article{tHooft:1976rip,
    author = "'t Hooft, Gerard",
    editor = "Shifman, Mikhail A.",
    title = "{Symmetry Breaking Through Bell-Jackiw Anomalies}",
    reportNumber = "PRINT-76-0254 (HARVARD)",
    doi = "10.1103/PhysRevLett.37.8",
    journal = "Phys. Rev. Lett.",
    volume = "37",
    pages = "8--11",
    year = "1976"
}

@article{Peccei:1977ur,
    author = "Peccei, R. D. and Quinn, Helen R.",
    title = "{Constraints Imposed by CP Conservation in the Presence of Instantons}",
    reportNumber = "ITP-572-STANFORD",
    doi = "10.1103/PhysRevD.16.1791",
    journal = "Phys. Rev. D",
    volume = "16",
    pages = "1791--1797",
    year = "1977"
}

@article{Callan:1976je,
    author = "Callan, Jr., Curtis G. and Dashen, R. F. and Gross, David J.",
    editor = "Taylor, J. C.",
    title = "{The Structure of the Gauge Theory Vacuum}",
    reportNumber = "COO-2220-75",
    doi = "10.1016/0370-2693(76)90277-X",
    journal = "Phys. Lett. B",
    volume = "63",
    pages = "334--340",
    year = "1976"
}

@article{Belavin:1975fg,
    author = "Belavin, A. A. and Polyakov, Alexander M. and Schwartz, A. S. and Tyupkin, Yu. S.",
    editor = "Taylor, J. C.",
    title = "{Pseudoparticle Solutions of the Yang-Mills Equations}",
    doi = "10.1016/0370-2693(75)90163-X",
    journal = "Phys. Lett. B",
    volume = "59",
    pages = "85--87",
    year = "1975"
}

@article{Kuzmin:1985mm,
    author = "Kuzmin, V. A. and Rubakov, V. A. and Shaposhnikov, M. E.",
    title = "{On the Anomalous Electroweak Baryon Number Nonconservation in the Early Universe}",
    reportNumber = "IC/85/8",
    doi = "10.1016/0370-2693(85)91028-7",
    journal = "Phys. Lett. B",
    volume = "155",
    pages = "36",
    year = "1985"
}

@article{Sakharov:1967dj,
    author = "Sakharov, A. D.",
    title = "{Violation of CP Invariance, C asymmetry, and baryon asymmetry of the universe}",
    doi = "10.1070/PU1991v034n05ABEH002497",
    journal = "Sov. Phys. Usp.",
    volume = "34",
    number = "5",
    pages = "392--393",
    year = "1991"
}

% Chapter: SMEFT

@misc{penco2020introduction,
      title={An Introduction to Effective Field Theories}, 
      author={Riccardo Penco},
      year={2020},
      eprint={2006.16285},
      archivePrefix={arXiv},
      primaryClass={hep-th}
}

@misc{skiba2010tasi,
      title={TASI Lectures on Effective Field Theory and Precision Electroweak Measurements}, 
      author={Witold Skiba},
      year={2010},
      eprint={1006.2142},
      archivePrefix={arXiv},
      primaryClass={hep-ph}
}

@article{Burgess_2007,
   title={An Introduction to Effective Field Theory},
   volume={57},
   ISSN={1545-4134},
   url={http://dx.doi.org/10.1146/annurev.nucl.56.080805.140508},
   DOI={10.1146/annurev.nucl.56.080805.140508},
   number={1},
   journal={Annual Review of Nuclear and Particle Science},
   publisher={Annual Reviews},
   author={Burgess, C.P.},
   year={2007},
   month={Nov},
   pages={329–362}
}

@article{Brivio_2019,
   title={The standard model as an effective field theory},
   volume={793},
   ISSN={0370-1573},
   url={http://dx.doi.org/10.1016/j.physrep.2018.11.002},
   DOI={10.1016/j.physrep.2018.11.002},
   journal={Physics Reports},
   publisher={Elsevier BV},
   author={Brivio, Ilaria and Trott, Michael},
   year={2019},
   month={Feb},
   pages={1–98}
}

@misc{manohar2018introduction,
      title={Introduction to Effective Field Theories}, 
      author={Aneesh V. Manohar},
      year={2018},
      eprint={1804.05863},
      archivePrefix={arXiv},
      primaryClass={hep-ph}
}

@inproceedings{Polchinski:1992ed,
    author = "Polchinski, Joseph",
    title = "{Effective field theory and the Fermi surface}",
    booktitle = "{Theoretical Advanced Study Institute (TASI 92): From Black Holes and Strings to Particles}",
    eprint = "hep-th/9210046",
    archivePrefix = "arXiv",
    reportNumber = "NSF-ITP-92-132, UTTG-20-92",
    pages = "0235--276",
    month = "6",
    year = "1992"
}

@article{Fermi:1933jpa,
    author = "Fermi, Enrico",
    title = "{Tentativo di una teoria dell'emissione dei raggi beta}",
    journal = "Ric. Sci.",
    volume = "4",
    pages = "491--495",
    year = "1933"
}

@article{Feruglio:1992wf,
    author = "Feruglio, F.",
    title = "{The Chiral approach to the electroweak interactions}",
    eprint = "hep-ph/9301281",
    archivePrefix = "arXiv",
    reportNumber = "DFPD-92-TH-50",
    doi = "10.1142/S0217751X93001946",
    journal = "Int. J. Mod. Phys. A",
    volume = "8",
    pages = "4937--4972",
    year = "1993"
}

@article{Grinstein:2007iv,
    author = "Grinstein, Benjamin and Trott, Michael",
    title = "{A Higgs-Higgs bound state due to new physics at a TeV}",
    eprint = "0704.1505",
    archivePrefix = "arXiv",
    primaryClass = "hep-ph",
    reportNumber = "UCSD-PTH-07-03",
    doi = "10.1103/PhysRevD.76.073002",
    journal = "Phys. Rev. D",
    volume = "76",
    pages = "073002",
    year = "2007"
}

@article{Weinberg:1979sa,
    author = "Weinberg, Steven",
    title = "{Baryon and Lepton Nonconserving Processes}",
    reportNumber = "HUTP-79-A050",
    doi = "10.1103/PhysRevLett.43.1566",
    journal = "Phys. Rev. Lett.",
    volume = "43",
    pages = "1566--1570",
    year = "1979"
}

@article{Li:2020gnx,
    author = "Li, Hao-Lin and Ren, Zhe and Shu, Jing and Xiao, Ming-Lei and Yu, Jiang-Hao and Zheng, Yu-Hui",
    title = "{Complete Set of Dimension-8 Operators in the Standard Model Effective Field Theory}",
    eprint = "2005.00008",
    archivePrefix = "arXiv",
    primaryClass = "hep-ph",
    month = "4",
    year = "2020"
}

@article{Murphy:2020rsh,
    author = "Murphy, Christopher W.",
    title = "{Dimension-8 operators in the Standard Model Eective Field Theory}",
    eprint = "2005.00059",
    archivePrefix = "arXiv",
    primaryClass = "hep-ph",
    doi = "10.1007/JHEP10(2020)174",
    journal = "JHEP",
    volume = "10",
    pages = "174",
    year = "2020"
}

@article{Henning:2015daa,
    author = "Henning, Brian and Lu, Xiaochuan and Melia, Tom and Murayama, Hitoshi",
    title = "{Hilbert series and operator bases with derivatives in effective field theories}",
    eprint = "1507.07240",
    archivePrefix = "arXiv",
    primaryClass = "hep-th",
    doi = "10.1007/s00220-015-2518-2",
    journal = "Commun. Math. Phys.",
    volume = "347",
    number = "2",
    pages = "363--388",
    year = "2016"
}

@article{Henning:2015alf,
    author = "Henning, Brian and Lu, Xiaochuan and Melia, Tom and Murayama, Hitoshi",
    title = "{2, 84, 30, 993, 560, 15456, 11962, 261485, ...: Higher dimension operators in the SM EFT}",
    eprint = "1512.03433",
    archivePrefix = "arXiv",
    primaryClass = "hep-ph",
    reportNumber = "UCB-PTH-15-14, IPMU15-0207",
    doi = "10.1007/JHEP08(2017)016",
    journal = "JHEP",
    volume = "08",
    pages = "016",
    year = "2017",
    note = "[Erratum: JHEP 09, 019 (2019)]"
}

@article{Henning:2017fpj,
    author = "Henning, Brian and Lu, Xiaochuan and Melia, Tom and Murayama, Hitoshi",
    title = "{Operator bases, $S$-matrices, and their partition functions}",
    eprint = "1706.08520",
    archivePrefix = "arXiv",
    primaryClass = "hep-th",
    doi = "10.1007/JHEP10(2017)199",
    journal = "JHEP",
    volume = "10",
    pages = "199",
    year = "2017"
}

@article{Buchmuller:1985jz,
    author = "Buchmuller, W. and Wyler, D.",
    title = "{Effective Lagrangian Analysis of New Interactions and Flavor Conservation}",
    reportNumber = "CERN-TH-4254/85",
    doi = "10.1016/0550-3213(86)90262-2",
    journal = "Nucl. Phys. B",
    volume = "268",
    pages = "621--653",
    year = "1986"
}

@article{Grzadkowski:2010es,
    author = "Grzadkowski, B. and Iskrzynski, M. and Misiak, M. and Rosiek, J.",
    title = "{Dimension-Six Terms in the Standard Model Lagrangian}",
    eprint = "1008.4884",
    archivePrefix = "arXiv",
    primaryClass = "hep-ph",
    reportNumber = "IFT-9-2010, TTP10-35",
    doi = "10.1007/JHEP10(2010)085",
    journal = "JHEP",
    volume = "10",
    pages = "085",
    year = "2010"
}

@article{Giudice:2007fh,
    author = "Giudice, G. F. and Grojean, C. and Pomarol, A. and Rattazzi, R.",
    title = "{The Strongly-Interacting Light Higgs}",
    eprint = "hep-ph/0703164",
    archivePrefix = "arXiv",
    reportNumber = "CERN-PH-TH-2007-47",
    doi = "10.1088/1126-6708/2007/06/045",
    journal = "JHEP",
    volume = "06",
    pages = "045",
    year = "2007"
}

@article{Contino:2013kra,
    author = "Contino, Roberto and Ghezzi, Margherita and Grojean, Christophe and Muhlleitner, Margarete and Spira, Michael",
    title = "{Effective Lagrangian for a light Higgs-like scalar}",
    eprint = "1303.3876",
    archivePrefix = "arXiv",
    primaryClass = "hep-ph",
    reportNumber = "CERN-PH-TH-2013-047, KA-TP-06-2013, PSI-PR-13-04",
    doi = "10.1007/JHEP07(2013)035",
    journal = "JHEP",
    volume = "07",
    pages = "035",
    year = "2013"
}

@article{Elias-Miro:2013eta,
    author = "Elias-Mir\'o, Joan and Grojean, Christophe and Gupta, Rick S. and Marzocca, David",
    title = "{Scaling and tuning of EW and Higgs observables}",
    eprint = "1312.2928",
    archivePrefix = "arXiv",
    primaryClass = "hep-ph",
    reportNumber = "SISSA-57-2013-FISI",
    doi = "10.1007/JHEP05(2014)019",
    journal = "JHEP",
    volume = "05",
    pages = "019",
    year = "2014"
}

@article{PhysRevD.48.2182,
  title = {Low energy effects of new interactions in the electroweak boson sector},
  author = {Hagiwara, K. and Ishihara, S. and Szalapski, R. and Zeppenfeld, D.},
  journal = {Phys. Rev. D},
  volume = {48},
  issue = {5},
  pages = {2182--2203},
  numpages = {0},
  year = {1993},
  month = {Sep},
  publisher = {American Physical Society},
  doi = {10.1103/PhysRevD.48.2182},
  url = {https://link.aps.org/doi/10.1103/PhysRevD.48.2182}
}

@article{Jenkins:2013zja,
    author = "Jenkins, Elizabeth E. and Manohar, Aneesh V. and Trott, Michael",
    title = "{Renormalization Group Evolution of the Standard Model Dimension Six Operators I: Formalism and lambda Dependence}",
    eprint = "1308.2627",
    archivePrefix = "arXiv",
    primaryClass = "hep-ph",
    doi = "10.1007/JHEP10(2013)087",
    journal = "JHEP",
    volume = "10",
    pages = "087",
    year = "2013"
}

@article{Jenkins:2013wua,
    author = "Jenkins, Elizabeth E. and Manohar, Aneesh V. and Trott, Michael",
    title = "{Renormalization Group Evolution of the Standard Model Dimension Six Operators II: Yukawa Dependence}",
    eprint = "1310.4838",
    archivePrefix = "arXiv",
    primaryClass = "hep-ph",
    reportNumber = "CERN-PH-TH/2015-247",
    doi = "10.1007/JHEP01(2014)035",
    journal = "JHEP",
    volume = "01",
    pages = "035",
    year = "2014"
}

@article{Alonso:2013hga,
    author = "Alonso, Rodrigo and Jenkins, Elizabeth E. and Manohar, Aneesh V. and Trott, Michael",
    title = "{Renormalization Group Evolution of the Standard Model Dimension Six Operators III: Gauge Coupling Dependence and Phenomenology}",
    eprint = "1312.2014",
    archivePrefix = "arXiv",
    primaryClass = "hep-ph",
    reportNumber = "CERN-PH-TH-2013-305, CERN-PH-TH/2013-305",
    doi = "10.1007/JHEP04(2014)159",
    journal = "JHEP",
    volume = "04",
    pages = "159",
    year = "2014"
}

@article{Grojean:2013kd,
    author = "Grojean, Christophe and Jenkins, Elizabeth E. and Manohar, Aneesh V. and Trott, Michael",
    title = "{Renormalization Group Scaling of Higgs Operators and \textbackslash{}Gamma(h -\ensuremath{>} \textbackslash{}gamma \textbackslash{}gamma)}",
    eprint = "1301.2588",
    archivePrefix = "arXiv",
    primaryClass = "hep-ph",
    reportNumber = "CERN-PH-TH-2013-008",
    doi = "10.1007/JHEP04(2013)016",
    journal = "JHEP",
    volume = "04",
    pages = "016",
    year = "2013"
}

@article{Alonso:2014zka,
    author = "Alonso, Rodrigo and Chang, Hsi-Ming and Jenkins, Elizabeth E. and Manohar, Aneesh V. and Shotwell, Brian",
    title = "{Renormalization group evolution of dimension-six baryon number violating operators}",
    eprint = "1405.0486",
    archivePrefix = "arXiv",
    primaryClass = "hep-ph",
    doi = "10.1016/j.physletb.2014.05.065",
    journal = "Phys. Lett. B",
    volume = "734",
    pages = "302--307",
    year = "2014"
}



